@misc{ wiki:clt,
	author = "{Wikipedia contributors}",
	title = "Central limit theorem --- {Wikipedia}{,} The Free Encyclopedia",
	year = "2020",
    howpublished = "\url{https://en.wikipedia.org/w/index.php?title=Central_limit_theorem&oldid=956894870}",
    note = "[Online; accessed 16-May-2020]"	
}

@misc{ wiki:atan2,
	author = "{Wikipedia contributors}",
	title = "{\tt atan2} --- {Wikipedia}{,} The Free Encyclopedia",
	year = "2020",
	howpublished = "\url{https://en.wikipedia.org/w/index.php?title=Atan2&oldid=946965285}",
	note = "[Online; accessed 16-May-2020]"
}

@misc{ wiki:conic,
	author = "{Wikipedia contributors}",
	title = "Conic section --- {Wikipedia}{,} The Free Encyclopedia",
	year = "2020",
	howpublished = "\url{https://en.wikipedia.org/w/index.php?title=Conic_section&oldid=955878314}",
	note = "[Online; accessed 16-May-2020]"
}